% ....nÃ¡zov sÃºboru je: literatura.bib
@inproceedings{Engineering,
  doi = {10.1109/isec49495.2020.9230280},
  url = {https://doi.org/10.1109/isec49495.2020.9230280},
  year = {2020},
  month = jul,
  publisher = {{IEEE}},
  author = {Muslih Al Zahrani and Mostafa Fawzy},
  title = {Engineering Education Gaming: Case Study of Engineering Ethics Game Modeling}
}
@inproceedings{Surgery,
  doi = {10.1109/vr.2018.8446469},
  url = {https://doi.org/10.1109/vr.2018.8446469},
  year = {2018},
  month = mar,
  publisher = {{IEEE}},
  author = {Tobias Todsen and Jacob Melchiors and Kasper Wennerwaldt},
  title = {Use of Virtual Reality to Teach Teamwork and Patient Safety in Surgical Education}
}
@inproceedings{Study,
  doi = {10.1109/vr.2018.8446486},
  url = {https://doi.org/10.1109/vr.2018.8446486},
  year = {2018},
  month = mar,
  publisher = {{IEEE}},
  author = {Yoana Slavova and Mu Mu},
  title = {A Comparative Study of the Learning Outcomes and Experience of {VR} in Education}
}
@inproceedings{Learning,
  doi = {10.1109/vr.2019.8798106},
  url = {https://doi.org/10.1109/vr.2019.8798106},
  year = {2019},
  month = mar,
  publisher = {{IEEE}},
  author = {Hyundo Kim and Sukgyu Nah and Jaeyoung Oh and Hokyoung Ryu},
  title = {{VR}-{MOOCs}: A Learning Management System for {VR} Education}
}
@book{Games,
  doi = {10.1007/978-981-13-2844-2},
  url = {https://doi.org/10.1007/978-981-13-2844-2},
  year = {2019},
  publisher = {Springer Singapore},
  editor = {Yiyu Cai and Wouter van Joolingen and Zachary Walker},
  title = {{VR},  Simulations and Serious Games for Education}
}
@ARTICLE{VR,
  author={Zheng, J.M. and Chan, K.W. and Gibson, I.},
  journal={IEEE Potentials}, 
  title={Virtual reality}, 
  year={1998},
  volume={17},
  number={2},
  pages={20-23},
  doi={10.1109/45.666641}
}
@incollection{VR_kniha,
title = {Chapter 1 - Introduction to Virtual Reality},
editor = {William R. Sherman and Alan B. Craig},
booktitle = {Understanding Virtual Reality (Second Edition)},
publisher = {Morgan Kaufmann},
edition = {Second Edition},
address = {Boston},
pages = {4-58},
year = {2019},
series = {The Morgan Kaufmann Series in Computer Graphics},
isbn = {978-0-12-800965-9},
doi = {https://doi.org/10.1016/B978-0-12-800965-9.00001-5},
url = {https://www.sciencedirect.com/science/article/pii/B9780128009659000015},
author = {William R. Sherman and Alan B. Craig},
}
@INPROCEEDINGS{VR_dostupnost,
  author={Mathur, Aman S.},
  booktitle={2015 IEEE Virtual Reality (VR)}, 
  title={Low cost virtual reality for medical training}, 
  year={2015},
  volume={},
  number={},
  pages={345-346},
  doi={10.1109/VR.2015.7223437}}